@article{Barba_2017,
  doi = {10.1109/mcse.2017.3971172},
  url = {https://doi.org/10.1109%2Fmcse.2017.3971172},
  year = {2017},
  month = {nov},
  publisher = {Institute of Electrical and Electronics Engineers ({IEEE})},
  volume = {19},
  number = {6},
  pages = {85--87},
  author = {Lorena A. Barba and George K. Thiruvathukal},
  title = {{Reproducible Research for Computing in Science {\&} Engineering}},
  journal = {Computing in Science {\&} Engineering},
}


@article{Ross_Hellauer_2017,
  doi = {10.1371/journal.pone.0189311},
  url = {https://doi.org/10.1371%2Fjournal.pone.0189311},
  year = {2017},
  month = {dec},
  publisher = {Public Library of Science ({PLoS})},
  volume = {12},
  number = {12},
  pages = {e0189311},
  author = {Tony Ross-Hellauer and Arvid Deppe and Birgit Schmidt},
  editor = {Jelte M. Wicherts},
  title = {{Survey on open peer review: Attitudes and experience amongst editors authors and reviewers}},
  journal = {{PLOS} {ONE}},
}
